<record><leader>00000cas a22000007a 4500</leader><controlfield tag="001">30843966</controlfield><controlfield tag="008">940728d19uu1947ncudn ne      0    0eng d</controlfield><datafield ind1=" " ind2=" " tag="010"><subfield code="a">sn 94058244 </subfield></datafield><datafield ind1=" " ind2=" " tag="040"><subfield code="a">NVJ</subfield><subfield code="b">eng</subfield><subfield code="c">NVJ</subfield><subfield code="d">OCLCQ</subfield></datafield><datafield ind1=" " ind2=" " tag="042"><subfield code="a">msc</subfield></datafield><datafield ind1="0" ind2="4" tag="245"><subfield code="a">The Twin-city daily times.</subfield></datafield><datafield ind1=" " ind2=" " tag="260"><subfield code="a">Morehead City, N.C. :</subfield><subfield code="b">H.B. Utley</subfield></datafield><datafield ind1=" " ind2=" " tag="300"><subfield code="a">v.</subfield></datafield><datafield ind1=" " ind2=" " tag="310"><subfield code="a">Daily (except Saturday and Sunday),</subfield><subfield code="b">&lt;Jan. 10, 1944&gt;-Oct. 24, 1947</subfield></datafield><datafield ind1=" " ind2=" " tag="321"><subfield code="a">Daily (except Sunday),</subfield><subfield code="b">&lt;Jan. 13, 1943-Mar. 6, 1943&gt;</subfield></datafield><datafield ind1="0" ind2=" " tag="362"><subfield code="a">-v. 37, no. 244 (Oct. 24, 1947).</subfield></datafield><datafield ind1=" " ind2=" " tag="588"><subfield code="a">Description based on: Vol. [33], no. 252 (Jan. 13, 1943).</subfield></datafield><datafield ind1=" " ind2=" " tag="752"><subfield code="a">United States</subfield><subfield code="b">North Carolina</subfield><subfield code="c">Carteret</subfield><subfield code="d">Morehead City.</subfield></datafield><datafield ind1="0" ind2="0" tag="785"><subfield code="t">Twin city times</subfield><subfield code="w">(DLC)sn 94058245</subfield></datafield></record>